@MISC{Pipher_josephh.,
    author = {Jill Pipher and Jeffrey Hoffstein and Jill Pipher},
    title = {{Joseph H. Silverman An Introduction to Mathematical Cryptography}},
    year = {2008}
}


@INPROCEEDINGS{Hoffstein98ntru:a,
    author = {Jeffrey Hoffstein and Jill Pipher and Joseph H. Silverman},
    title = {{NTRU: A Ring-based Public Key Cryptosystem}},
    booktitle = {{Lecture Notes in Computer Science}},
    year = {1998},
    pages = {267--288},
    publisher = {Springer-Verlag}
}


@book{dummit2004abstract,
  title={Abstract Algebra},
  author={Dummit, D.S. and Foote, R.M.},
  isbn={9780471433347},
  lccn={2003057652},
  url={https://books.google.com/books?id=KJDBQgAACAAJ},
  year={2004},
  publisher={Wiley}
}


@unknown{unknown,
author = {Moody, Dustin and Chen, Lily and Jordan, Stephen and Liu, Yi-Kai and Smith, Daniel and Perlner, Ray and Peralta, Ren√©},
year = {2016},
month = {04},
pages = {},
title = {{NIST Report on Post-Quantum Cryptography}},
doi = {10.6028/NIST.IR.8105}
}


@article{Shor:1997:PAP:264393.264406,
 author = {Shor, Peter W.},
 title = {Polynomial-Time Algorithms for Prime Factorization and Discrete Logarithms on a Quantum Computer},
 journal = {SIAM J. Comput.},
 issue_date = {Oct. 1997},
 volume = {26},
 number = {5},
 month = oct,
 year = {1997},
 issn = {0097-5397},
 pages = {1484--1509},
 numpages = {26},
 url = {http://dx.doi.org/10.1137/S0097539795293172},
 doi = {10.1137/S0097539795293172},
 acmid = {264406},
 publisher = {Society for Industrial and Applied Mathematics},
 address = {Philadelphia, PA, USA},
 keywords = {Church's thesis, Fourier transforms, algorithmic number theory, discrete logarithms, foundations of quantum mechanics, prime factorization, quantum computers, spin systems},
}


